@article{amp:mrp,
	author    = {Abdrew, Macpherson},
	title     = {The magnetic resonator piano brings continuous note shaping to the acoustic piano},
	url       = {https://instrumentslab.org/research/mrp.html},
}

@article{ml:fd,
	author    = {Lupone, Michelangelo and Seno, Lorenzo},
	title     = {Gran Cassa and the adaptive instrument Feed-drum},
	url       = {https://www.academia.edu/24236280/Gran_Cassa_and_the_adaptive_instrument_Feed_drum},
}

@incollection{sl:aum,
  AUTHOR = {Lanzalone, Silvia},
  TITLE = {Strumenti Aumentati},
  YEAR = {2015},
  BOOKTITLE = {Acustica. Fondamenti e applicazioni},
  EDITOR = {Spagnuolo, Renato},
  PUBLISHER = {UTET Università}
}

@incollection{wc:straum,
	author = {Cianciusi, Walter and Seno, Lorenzo},
	title = {Feed-Drum e Skin-Act: l'ultima frontiera dello strumento aumentato},
	YEAR = {2012},
	BOOKTITLE = {XIX Colloquio di Informatica Musicale}
}

@incollection{sl:sscolpiti,
	author = {Lanzalone, Silvia},
	title = {Suoni scolpiti e sculture sonore : alcuni esempi di installazioni d’arte elettroacustica},
	YEAR = {2008},
	BOOKTITLE = {Radici Futuro, Biennale Musica - Atti del XVII Colloquio di Informatica Musicale}
}

@incollection{ml:aicrm,
	author = {Lupone, Michelangelo and Bianchini, Laura and Lanzalone, Silvia and Gabriele, Alessio},
	title = {Augmented Instruments at CRM – Centro Ricerche Musicali of Rome: Feed-Drum, SkinAct, WindBack and ResoFlute},
	YEAR = {2019},
	BOOKTITLE = {Proceedings of ICMC - International Computer Music Conference, New York, USA, 16-23 June 2019.}
}

@Book{jaynes:mente,
 author = {Jaynes, Julian},
 title = {Il crollo della mente bicamerale e l’origine della coscienza},
 publisher = {Adelphi},
 year = {1984},
 }

 @Book{jaynes:mente,
  author = {Branchi, Walter},
  title = {Una musica per ascoltare il mondo.Pensieri e riflessioni sulla Musica della Complessità},
  publisher = {Fondazione Isabella Scelsi-Roma},
  year = {2022},
  }

	 @Book{Watzlawick:ling,
	  author = {Watzlawick, Paul},
	  title = {Il linguaggio del cambiamento. Elementi di comunicazione terapeutica},
	  publisher = {Feltrinelli},
	  year = {1980},
	  }

		@incollection{sa:cos,
			author    = {La Sala, Federico},
			title     = {Le due metà del cervello},
BOOKTITLE = {Alfabeta, n.17, anno 2, settembre 1980}
		}

		@article{ng:ciclo,
			author    = {Netti, Giorgio},
			title     = {il ciclo dell'assedio - Giorgio Netti per Avidi Lumi - (2/6)},
			url       = {https://www.youtube.com/watch?v=o4uvZ9GVKG0},
		}



		@article{cm:silenzio,
			author    = {Cacciari, Massimo},
			title     = {Silenzio e ascolto nella musica di Luigi Nono},
			url       = {https://www.youtube.com/watch?v=ueA8xVE5WV80},
		}

		@article{ng:istante,
			author    = {Netti, Giorgio},
			title     = {D’istante la durata},
			url       = {https://drive.google.com/file/d/1BgEjFWTpeW5NA2PS5C8OAUX_xdJ2W3n/view},
		}

		@article{ad:rapp,
			author    = {Dabusti, A. and Lagomarsini, M.},
			title     = {Storia della rappresentazione},
			url       = {http://www.diegogulizia.it/didattica/Catalogazione%20BBCC/Storia%20della%20rappresentazione%20dello%20spazio.pdf},
		}

		@Book{Panofsky:prospettiva,
 	  author = {Panofsky, Ervin},
 	  title = {La prospettiva come forma simbolica},
 	  publisher = {Feltrinelli},
 	  year = {1981},
 	  }


				@Book{Canavesio:vitr,
		 	  author = {Canavesio, Walter},
		 	  title = {Il tema vitruviano degli scamilli impari nei teorici neoclassici},
		 	  publisher = {Quaderni del Bobbio},
		 	  year = {2013},
		 	  }

				@Book{fgns:me,
				  author = {Galante, Francesco and Nicola, Sani},
				  title = {Musica Espansa},
				  publisher = {Ricordi-LIM},
				  date = {2000}
}

@incollection{mm:linea,
						author = {Mila, Massimo},
						title = {La linea Nono (A proposito de Il canto sospeso)},
						YEAR = {1960},
						BOOKTITLE = {La rassegna musicale, XXX}
					}
